<record><leader>00000cas a2200000 a 4500</leader><controlfield tag="001">2268261</controlfield><controlfield tag="008">760620d18561937pauwr ne      0    0eng c</controlfield><datafield ind1=" " ind2=" " tag="010"><subfield code="a">sn 83025923 </subfield></datafield><datafield ind1=" " ind2=" " tag="040"><subfield code="a">PIT</subfield><subfield code="b">eng</subfield><subfield code="c">PIT</subfield><subfield code="d">NPV</subfield><subfield code="d">NPU</subfield><subfield code="d">NPH</subfield><subfield code="d">NPX</subfield><subfield code="d">NVF</subfield><subfield code="d">OCL</subfield><subfield code="d">DLC</subfield><subfield code="d">OCLCQ</subfield><subfield code="d">OCLCA</subfield><subfield code="d">OCLCF</subfield></datafield><datafield ind1="1" ind2=" " tag="029"><subfield code="a">AU@</subfield><subfield code="b">000003026998</subfield></datafield><datafield ind1=" " ind2=" " tag="042"><subfield code="a">pcc</subfield></datafield><datafield ind1=" " ind2=" " tag="043"><subfield code="a">n-us-pa</subfield></datafield><datafield ind1=" " ind2=" " tag="045"><subfield code="a">w4x3</subfield></datafield><datafield ind1="0" ind2="0" tag="050"><subfield code="a">Newspaper</subfield></datafield><datafield ind1=" " ind2=" " tag="052"><subfield code="a">3824</subfield><subfield code="b">P5</subfield></datafield><datafield ind1="0" ind2="0" tag="245"><subfield code="a">Sunday transcript.</subfield></datafield><datafield ind1="1" ind2="3" tag="246"><subfield code="a">New Sunday transcript</subfield><subfield code="f">&lt;June 21, 1914&gt;-Sept. 27, 1914</subfield></datafield><datafield ind1=" " ind2=" " tag="260"><subfield code="a">Philadelphia [Pa.] :</subfield><subfield code="b">Johnson, Greene &amp; Co.</subfield></datafield><datafield ind1=" " ind2=" " tag="300"><subfield code="a">v.</subfield></datafield><datafield ind1=" " ind2=" " tag="310"><subfield code="a">Weekly</subfield></datafield><datafield ind1="1" ind2=" " tag="362"><subfield code="a">Began with Oct. 19, 1856 issue; ceased with Sept. 12, 1937 issue.</subfield></datafield><datafield ind1=" " ind2=" " tag="500"><subfield code="a">Subsequent publishers: Greene &amp; Co. &lt;Mar. 9, 1862&gt;; Sunday Transcript Co., 1880-94; Transcript Pub. Co., 1899-1917; J.S. Knight, 1917-18; Jos. Broadnap, 1918-20; Clement H. Congdon, 1920-33; Long Pub. Co., 1933-37. Cf. Checklist of Pa. newspapers.</subfield></datafield><datafield ind1=" " ind2=" " tag="588"><subfield code="a">Description based on: Vol. 1, no. 37 (June 28, 1857).</subfield></datafield><datafield ind1=" " ind2="0" tag="651"><subfield code="a">Philadelphia (Pa.)</subfield><subfield code="v">Newspapers.</subfield></datafield><datafield ind1=" " ind2="7" tag="655"><subfield code="a">Newspapers.</subfield><subfield code="2">fast</subfield><subfield code="0">(OCoLC)fst01423814</subfield></datafield><datafield ind1=" " ind2="7" tag="651"><subfield code="a">Pennsylvania</subfield><subfield code="z">Philadelphia.</subfield><subfield code="2">fast</subfield><subfield code="0">(OCoLC)fst01204170</subfield></datafield><datafield ind1=" " ind2=" " tag="752"><subfield code="a">United States</subfield><subfield code="b">Pennsylvania</subfield><subfield code="c">Philadelphia</subfield><subfield code="d">Philadelphia.</subfield></datafield></record>